<?xml version="1.0" encoding="UTF-8"?>
<collection><record><leader>01361ntm a2200361 u 4500</leader><controlfield tag="001">9992375408301488</controlfield><controlfield tag="005">20211225100329.0</controlfield><controlfield tag="008">181023m13011400xx      o     000 0 lat c</controlfield><datafield tag="035" ind1=" " ind2=" "><subfield code="a">(BeLVLBS)9992686864501471</subfield></datafield><datafield tag="035" ind1=" " ind2=" "><subfield code="a">DIGI_0054_0001</subfield></datafield><datafield tag="035" ind1=" " ind2=" "><subfield code="a">(EXLNZ-32KUL_LIBIS_NETWORK)9992686864501471</subfield></datafield><datafield tag="040" ind1=" " ind2=" "><subfield code="a">BeLVLBS</subfield><subfield code="b">Language of cataloging varies</subfield><subfield code="e">rda based</subfield></datafield><datafield tag="245" ind1="0" ind2="0"><subfield code="a">Acta Sanctorum Hiberniae</subfield></datafield><datafield tag="246" ind1="1" ind2="3"><subfield code="a">Codex Salmanticensis</subfield></datafield><datafield tag="264" ind1=" " ind2="1"><subfield code="c">1301-1400</subfield></datafield><datafield tag="300" ind1=" " ind2=" "><subfield code="a">176 f.</subfield><subfield code="c">333 x 232 mm.</subfield></datafield><datafield tag="336" ind1=" " ind2=" "><subfield code="a">text</subfield><subfield code="2">rdacontent</subfield></datafield><datafield tag="337" ind1=" " ind2=" "><subfield code="a">computer</subfield><subfield code="2">rdamedia</subfield></datafield><datafield tag="338" ind1=" " ind2=" "><subfield code="a">online resource</subfield><subfield code="2">rdacarrier</subfield></datafield><datafield tag="340" ind1=" " ind2=" "><subfield code="e">Paper</subfield></datafield><datafield tag="340" ind1=" " ind2=" "><subfield code="e">Parchment</subfield></datafield><datafield tag="340" ind1=" " ind2=" "><subfield code="a">Online</subfield></datafield><datafield tag="500" ind1=" " ind2=" "><subfield code="a">Title created by cataloguer</subfield></datafield><datafield tag="544" ind1=" " ind2=" "><subfield code="a">Koninklijke Bibliotheek van België, Brussel / Bibliothèque royale de Belgique, Bruxelles</subfield><subfield code="b">ms.7672-74</subfield></datafield><datafield tag="581" ind1=" " ind2=" "><subfield code="a">J. Van den Gheyn - F. Lyna, Catalogue des manuscrits de la Bibliothèque royale de Belgique, V. 5, p.  146-147</subfield></datafield><datafield tag="581" ind1=" " ind2=" "><subfield code="a">S.H.Bindon, On the mss. relating to Ireland in the Burgundian Library at Brussels, in : Proceedings of the Royal Irish Academy, V. 3 (1844-1847), p. 496-499</subfield></datafield><datafield tag="546" ind1=" " ind2=" "><subfield code="a">latin</subfield></datafield><datafield tag="542" ind1=" " ind2=" "><subfield code="l">public domain</subfield><subfield code="n">available under a licence</subfield><subfield code="u">licentievoorwaarden#digi0054</subfield></datafield><datafield tag="653" ind1=" " ind2="6"><subfield code="a">Manuscripts</subfield></datafield><datafield tag="653" ind1=" " ind2="6"><subfield code="a">E-books</subfield></datafield><datafield tag="900" ind1=" " ind2=" "><subfield code="a">NO DEDUP</subfield></datafield><datafield tag="902" ind1=" " ind2=" "><subfield code="m">ELECTRONIC_DIGITAL</subfield></datafield><datafield tag="953" ind1=" " ind2=" "><subfield code="b">1301-1400</subfield></datafield><datafield tag="981" ind1=" " ind2=" "><subfield code="a">Digital title KU Leuven Libraries</subfield></datafield><datafield tag="996" ind1=" " ind2=" "><subfield code="a">KBR</subfield><subfield code="b">online</subfield><subfield code="c">2018</subfield><subfield code="d">Ierse handschriften</subfield><subfield code="9">local</subfield></datafield></record></collection>